@incollection{smyth2005limma,
  title={Limma: linear models for microarray data},
  author={Smyth, Gordon K},
  booktitle={Bioinformatics and computational biology solutions using R and Bioconductor},
  pages={397--420},
  year={2005},
  publisher={Springer}
}


@book{mccullagh2018generalized,
  title={Generalized linear models},
  author={McCullagh, Peter},
  year={2018},
  publisher={Routledge}
}


@article{smyth2004linear,
  title={Linear models and empirical bayes methods for assessing differential expression in microarray experiments},
  author={Smyth, Gordon K},
  journal={Statistical applications in genetics and molecular biology},
  volume={3},
  number={1},
  pages={1--25},
  year={2004},
  publisher={De Gruyter}
}

